@article{mollah2018cost,
  title={A cost optimization model and solutions for shelter allocation and relief distribution in flood scenario},
  author={Mollah, Amlan K and Sadhukhan, Sounak and Das, Prasun and Anis, Md Zafar},
  journal={International Journal of Disaster Risk Reduction},
  volume={31},
  pages={1187--1198},
  year={2018},
  publisher={Elsevier}
}

@inproceedings{jo2023fairness,
  title={Fairness in contextual resource allocation systems: Metrics and incompatibility results},
  author={Jo, Nathanael and Tang, Bill and Dullerud, Kathryn and Aghaei, Sina and Rice, Eric and Vayanos, Phebe},
  booktitle={Proceedings of the AAAI Conference on Artificial Intelligence},
  volume={37},
  number={10},
  pages={11837--11846},
  year={2023}
}

@article{s2016integration,
  title={Integration of social protection and climate change adaptation in Brazil},
  author={S. Mesquita, Patricia and Bursztyn, Marcel},
  journal={British Food Journal},
  volume={118},
  number={12},
  pages={3030--3043},
  year={2016},
  publisher={Emerald Group Publishing Limited}
}

@article{tzeng2007multi,
  title={Multi-objective optimal planning for designing relief delivery systems},
  author={Tzeng, Gwo-Hshiung and Cheng, Hsin-Jung and Huang, Tsung Dow},
  journal={Transportation research part E: logistics and transportation review},
  volume={43},
  number={6},
  pages={673--686},
  year={2007},
  publisher={Elsevier}
}

@article{huang2007optimal,
  title={Optimal allocation of multiple emergency service resources for protection of critical transportation infrastructure},
  author={Huang, Yongxi and Fan, Yueyue and Cheu, Ruey Long},
  journal={Transportation Research Record},
  volume={2022},
  number={1},
  pages={1--8},
  year={2007},
  publisher={SAGE Publications Sage CA: Los Angeles, CA}
}

@article{giz2021social,
  title={Social protection and climate change: scaling up ambition},
  author={GIZ, Katharina Diekmann and McCrum, Clare and Sengupta, Sayanti},
  year={2021}
}

@article{stuart2023or,
  title={How to do (or not to do)â€¦ health resource allocations using constrained mathematical optimization},
  author={Stuart, Robyn M and Fraser-Hurt, Nicole and Shubber, Zara and Vu, Lung and Cheik, Nejma and Kerr, Cliff C and Wilson, David P},
  journal={Health Policy and Planning},
  volume={38},
  number={1},
  pages={122--128},
  year={2023},
  publisher={Oxford University Press UK}
}

@article{bagolle2023social,
  title={Social Protection and Climate Change: How Can We Protect the Most Vulnerable Households Against New Climate Threats?},
  author={Bagolle, Alexandre and Costella, Cecilia and Goyeneche, Laura},
  year={2023},
  publisher={Inter-American Development Bank}
}

@article{mackinder2024social,
  title={Social protection and climate change financing: Synergies and challenges},
  author={Mackinder, Sophie and Snell, Carolyn and Holden, Chris},
  journal={Global Social Policy},
  pages={14680181241290168},
  year={2024},
  publisher={SAGE Publications Sage UK: London, England}
}